<record><leader>00000cas a2200000 i 4500</leader><controlfield tag="001">15023810</controlfield><controlfield tag="008">861230d19191919inuwr ne      0    0eng c</controlfield><datafield ind1=" " ind2=" " tag="010"><subfield code="a">sn 86059165 </subfield></datafield><datafield ind1=" " ind2=" " tag="040"><subfield code="a">NPI</subfield><subfield code="b">eng</subfield><subfield code="e">rda</subfield><subfield code="c">NPI</subfield><subfield code="d">OCLCQ</subfield><subfield code="d">IUL</subfield><subfield code="d">OCLCF</subfield></datafield><datafield ind1=" " ind2=" " tag="042"><subfield code="a">pcc</subfield></datafield><datafield ind1=" " ind2=" " tag="043"><subfield code="a">n-us-in</subfield></datafield><datafield ind1="0" ind2="4" tag="245"><subfield code="a">The Bicknell monitor and herald-news.</subfield></datafield><datafield ind1=" " ind2="1" tag="264"><subfield code="a">Bicknell, Ind. :</subfield><subfield code="b">F.F. McNaughton,</subfield><subfield code="c">1919.</subfield></datafield><datafield ind1=" " ind2=" " tag="300"><subfield code="a">1 volume</subfield></datafield><datafield ind1=" " ind2=" " tag="310"><subfield code="a">Weekly,</subfield><subfield code="b">July 4, 1919-Sept. 26, 1919</subfield></datafield><datafield ind1=" " ind2=" " tag="321"><subfield code="a">Semiweekly,</subfield><subfield code="b">Apr. 29, 1919-June 27, 1919</subfield></datafield><datafield ind1=" " ind2=" " tag="336"><subfield code="a">text</subfield><subfield code="b">txt</subfield><subfield code="2">rdacontent</subfield></datafield><datafield ind1=" " ind2=" " tag="337"><subfield code="a">unmediated</subfield><subfield code="b">n</subfield><subfield code="2">rdamedia</subfield></datafield><datafield ind1=" " ind2=" " tag="338"><subfield code="a">volume</subfield><subfield code="b">nc</subfield><subfield code="2">rdacarrier</subfield></datafield><datafield ind1="0" ind2=" " tag="362"><subfield code="a">Volume XXVII, number 33 (April 29, 1919)-</subfield></datafield><datafield ind1="1" ind2=" " tag="362"><subfield code="a">Ceased with Sept. 26, 1919.</subfield></datafield><datafield ind1=" " ind2=" " tag="588"><subfield code="a">Latest issue consulted: Volume XXVII, no. 61 (September 12, 1919); U.S. Newspaper Archive (viewed June 26, 2017).</subfield></datafield><datafield ind1=" " ind2="0" tag="651"><subfield code="a">Bicknell (Ind.)</subfield><subfield code="v">Newspapers.</subfield></datafield><datafield ind1=" " ind2="0" tag="651"><subfield code="a">Knox County (Ind.)</subfield><subfield code="v">Newspapers.</subfield></datafield><datafield ind1=" " ind2="7" tag="651"><subfield code="a">Indiana</subfield><subfield code="z">Bicknell.</subfield><subfield code="2">fast</subfield><subfield code="0">(OCoLC)fst01224214</subfield></datafield><datafield ind1=" " ind2="7" tag="651"><subfield code="a">Indiana</subfield><subfield code="z">Knox County.</subfield><subfield code="2">fast</subfield><subfield code="0">(OCoLC)fst01219831</subfield></datafield><datafield ind1=" " ind2="7" tag="655"><subfield code="a">Newspapers.</subfield><subfield code="2">fast</subfield><subfield code="0">(OCoLC)fst01423814</subfield></datafield><datafield ind1=" " ind2=" " tag="752"><subfield code="a">United States</subfield><subfield code="b">Indiana</subfield><subfield code="c">Knox</subfield><subfield code="d">Bicknell.</subfield></datafield><datafield ind1="0" ind2="4" tag="780"><subfield code="t">Bicknell herald-news</subfield><subfield code="w">(DLC)sn 86059168</subfield><subfield code="w">(OCoLC)15023791</subfield></datafield><datafield ind1="0" ind2="4" tag="780"><subfield code="t">Bicknell monitor</subfield><subfield code="w">(DLC)sn 86059164</subfield><subfield code="w">(OCoLC)15023796</subfield></datafield><datafield ind1="0" ind2="0" tag="785"><subfield code="t">Bicknell daily news</subfield><subfield code="w">(DLC)sn 86059166</subfield><subfield code="w">(OCoLC)15023776</subfield></datafield><datafield ind1="4" ind2="1" tag="856"><subfield code="u">https://access.newspaperarchive.com/us/indiana/bicknell/bicknell-monitor</subfield></datafield><datafield ind1="4" ind2="1" tag="856"><subfield code="u">https://access.newspaperarchive.com/us/indiana/bicknell/bicknell-daily-news</subfield></datafield><datafield ind1="4" ind2="1" tag="856"><subfield code="u">https://access.newspaperarchive.com/us/indiana/bicknell/bicknell-monitor-and-herald-news/</subfield></datafield></record>